<?xml version="1.0" encoding="UTF-8"?><collection xmlns="http://www.loc.gov/MARC21/slim"><record><leader>00408nam--2200133-i-4500</leader><controlfield tag="001">000009810</controlfield><controlfield tag="002">20161230</controlfield><controlfield tag="005">20161230201028</controlfield><controlfield tag="008">060222s1000------------r-----000-0-eng-d</controlfield><datafield ind1=" " ind2=" " tag="245"><subfield code="a">Fundamental processes in fluidized beds</subfield></datafield><datafield ind1=" " ind2=" " tag="260"><subfield code="a">New York, American Institute Of Chemical Engin Eers, 1970 113 P</subfield></datafield><datafield ind1=" " ind2=" " tag="490"><subfield code="a">Chemical Engineering Progress Symposium Series</subfield></datafield><datafield ind1=" " ind2=" " tag="700"><subfield code="a">Bergougnou, M.A./S.A.</subfield></datafield><datafield ind1=" " ind2=" " tag="852"><subfield code="a">10950</subfield></datafield></record></collection>